@inproceedings{yuan2005attributed,
  title={Attributed based access control (ABAC) for web services},
  author={Yuan, Eric and Tong, Jin},
  booktitle={IEEE International Conference on Web Services (ICWS'05)},
  year={2005},
  organization={IEEE}
}