@online{mcafee2020risk,
    title        = {McAfee cloud adoption and risk report},
    author       = {McAfee},
    year         = 2020,
    url          = {https://www.cybersecasia.net/whitepapers/mcafee-cloud-adoption-and-risk-report},
    urldate      = {2021-07-12}
}

@online{vladimir2021cloudcomputing,
    title        = {26 Cloud Computing Statistics, Facts Trends for 2021},
    author       = {Vladimir Sumina},
    year         = 2021,
    url          = {https://www.cloudwards.net/cloud-computing-statistics/},
    urldate      = {2021-07-12}
}

@online{timothy2018risk,
    title        = {12 Risks, Threats and Vulnerabilities in Moving to the Cloud},
    author       = {Timothy Morrow},
    year         = 2018,
    url          = {https://insights.sei.cmu.edu/blog/12-risks-threats-vulnerabilities-in-moving-to-the-cloud/},
    urldate      = {2021-07-12}
}
@inproceedings{wang2008scientific,
  title={Scientific cloud computing: Early definition and experience},
  author={Wang, Lizhe and Tao, Jie and Kunze, Marcel and Castellanos, Alvaro Canales and Kramer, David and Karl, Wolfgang},
  booktitle={2008 10th ieee international conference on high performance computing and communications},
  pages={825--830},
  year={2008},
  organization={Ieee}
}

@article{emms1987definition,
  title={A definition of an access control systems language},
  author={Emms, Judy},
  journal={Computer standards \& interfaces},
  volume={6},
  number={4},
  pages={443--454},
  year={1987},
  publisher={Elsevier}
}

@article{sandhu1996role,
  title={Role-based access control models},
  author={Sandhu, Ravi S and Coyne, Edward J and Feinstein, Hal L and Youman, Charles E},
  journal={Computer},
  volume={29},
  number={2},
  pages={38--47},
  year={1996},
  publisher={IEEE}
}